@misc{deliveryhero_pedidosya2025,
  author = {{Delivery Hero SE}},
  title = {{Delivery Hero around the world - PedidosYa}},
  year      = {2025},
  url = {https://www.deliveryhero.com/brands/pedidosya/},
  note = {Accessed: 2025-03-13}
}

@misc{pedidosya_envios,
  author = {{PedidosYa}},
  title = {{PedidosYa Envíos - Logística de última milla para negocios}},
  year      = {2025},
  url = {https://envios.pedidosya.cl/},
  note = {Accessed: 2025-03-13}
}

% --- TEMPLATES ---

@article{key,
  author    = {Last Name, First Name and Second Author, First Name},
  title     = {Title of the article},
  journal   = {Journal Name},
  year      = {2023},
  volume    = {42},
  number    = {3},
  pages     = {123--456},
  doi       = {10.1000/xyz123},
  url       = {https://doi.org/10.1000/xyz123}
}

@book{key,
  author    = {Last Name, First Name},
  title     = {Title of the Book},
  publisher = {Publisher Name},
  address   = {City, State/Country},
  year      = {2023},
  edition   = {2},
  isbn      = {978-3-16-148410-0}
}


@incollection{key,
  author    = {Last Name, First Name},
  title     = {Title of the chapter},
  booktitle = {Title of the Book},
  editor    = {Editor Last Name, First Name},
  publisher = {Publisher Name},
  address   = {City, State/Country},
  year      = {2023},
  chapter   = {5},
  pages     = {100--120}
}

@inproceedings{key,
  author    = {Last Name, First Name and Second Author, First Name},
  title     = {Title of the paper},
  booktitle = {Proceedings of the Conference Name},
  year      = {2023},
  pages     = {100--110},
  address   = {City, State/Country},
  month     = {June},
  publisher = {Publisher Name},
  doi       = {10.1000/xyz123}
}

@misc{key,
  author    = {Last Name, First Name or Organization Name},
  title     = {Title of the Web Page},
  year      = {2023},
  url       = {https://www.example.com/page},
  note      = {Accessed: 2023-04-01}
}

@techreport{key,
  author      = {Last Name, First Name},
  title       = {Title of the report},
  institution = {Institution Name},
  year        = {2023},
  type        = {Technical Report},
  number      = {TR-123},
  address     = {City, State/Country}
}

@manual{key,
  title        = {Title of the Manual or Documentation},
  author       = {Organization Name or Author Name},
  organization = {Organization Name},
  address      = {City, State/Country},
  year         = {2023},
  url          = {https://www.example.com/documentation},
  note         = {Version 2.1}
}

@phdthesis{key,
  author  = {Last Name, First Name},
  title   = {Title of the thesis},
  school  = {University Name},
  year    = {2023},
  type    = {PhD dissertation},
  address = {City, State/Country}
}


